% -------------------------------------------Статьи (ideal)--------------------------------------------------------------------
% > 3 авторов
@article{Sirota2016,
	Author 		= {А.~А. Сирота},
	Title 		= {Методы классификации элементов зерновых смесей на основе анализа спектральных характеристик в видимом и инфракрасном диапазоне длин волн / А.~А. Сирота [и др.]},
	Journal 	= {Вестник Воронежского Государственного Университета. Серия: <<Системный анализ и информационные технологии>>},
	Language 	= {russian},
	Number 		= {1},
	Pages 		= {150--160},
	Year 		= {2016}
}

% < 3 авторов
@article{Vorontsov_PI,
	Author 		= {Я.~А. Воронцов},
	Title 		= {Алгебраические операции с нечеткими LR-числами с использованием преобразования L / Я.~А. Воронцов, М.~Г. Матвеев},
	Journal 	= {Программная инженерия},
	Year 		= {2014},
	Number 		= {8},
	Pages 		= {23--29},
	Language 	= {russian},
}

% < 3 авторов + volume
@ARTICLE{ivankov2014,
	author 		= {А.~Ю. Иванков},
	title 		= {Блочные алгоритмы обработки изображений на основе фильтра Калмана в задаче построения сверхразрешения / А.~Ю. Иванков, А.~А. Сирота},
	journal 	= {Компьютерная оптика},
	year 		= {2014},
	volume 		= {38},
	Number 		= {1},
	pages 		= {118--127},
	language 	= {russian}
}

% ------------------------------------------Конференции (maybe)--------------------------------------------------------------
@conference{PMTYMM,
	Address 	= {Воронеж},
	Author 		= {Я.~А. Воронцов},
	Title 		= {Информационные технологии управления проектами в условиях расплывчатой неопределённости / Я.~А. Воронцов, М.~Г. Матвеев},
	Booktitle 	= {Современные проблемы прикладной математики, теории управления и математического моделирования: материалы V международной конференции. Воронеж, 11-16 сентября 2012 г. Дополнительный выпуск.},
	Language 	= {russian},
	Pages 		= {8--10},
	Publisher 	= {Издательско-полиграфический центр Воронежского государственного университета},
	Year 		= {2012}
}

@CONFERENCE{MEI-1,
	author 		= {Я. А. Воронцов},
	title 		= {Способ решения нечёткой задачи КСПУ с использованием преобразования L / Я. А. Воронцов, М. Г. Матвеев},
	booktitle 	= {Радиоэлектроника, электротехника и энергетика: двадцатая международная научно--техническая конференция студентов и аспирантов: тезисы докладов. Москва, 27--28 февраля 2014 г.: в 4 т.},
	address 	= {М.},
	publisher 	= {Издательский дом МЭИ},
	volume 		= {2},
	year 		= {2014},
	pages 		= {58},
	language 	= {russian}
}

% ------------------------------------Книги (ideal)------------------------------------------------------------------
% 1 автор
@BOOK{Orlovskiy,
	author 		= {С.~А. Орловский},
	title 		= {Проблемы принятия решений при нечёткой исходной информации / С.~А. Орловский},
	publisher 	= {Наука. Главная редакция физико-математической литературы},
	address 	= {М.},
	year 		= {1981},
	note 		= {208 с},
	language 	= {russian}
}

% 2 автора
@BOOK{Adelson_Velskiy,
	author 		= {О.~П. Кузнецов},
	title 		= {Дискретная математика для инженера / О.~П. Кузнецов, Г.~М. Адельсон-Вельский},
	edition 	= {2-е},
	address 	= {М.},
	publisher 	= {Энергоатомиздат},
	year 		= {1988},
	language 	= {russian},
    note 		= {480 с}  	
}

% 4 автора и больше
@BOOK{Shupkii,
	title 		= {Электробезопасность на открытых горных работах: справ. пособие / В.И. Щупкий [и др.]},
	publisher 	= {Недра},
	address 	= {М.},
	year 		= {1996},
	note 		= {266 с},
	language 	= {russian}
}

% --------------------------------Ссылки из интернета (maybe)----------------------------------------------
@Online{QuickGraph_Codeplex,
    title 		= {QuickGraph, Graph Data Structures And Algorithms for .NET},
    url 		= {http://quickgraph.codeplex.com/},
    urldate 	= {2015-01-04},
    language 	= {russian}
}

@Online{Bocharnkinov_Ukraine,
    author 		= {В. Бочарников},
    title 		= {Алгоритм арифметических операций с нечеткими числовыми данными / В. Бочарников, С. Свешников},
    url 		= {http://sveshnikovsv.socionet.ru/files/FuzzyArifmethic_Rus.pdf},
    urldate 	= {2015-01-04},
    language 	= {russian}
}

%------------------------------------- Авторефераты ---------------------------------------------------------------

@Thesis{PhD_Starodubtsev,
    author 		= {И. Ю. Стародубцев},
    title 		= {Модели и методы многоцелевых задач сетевого планирования в условиях нечеткой неопределенности продолжительностей операций},
    type 		= {Автореферат диссертации на соискание учёной степени кандидата физико-математических наук},
    school 		= {Воронежский государственный университет},
    year 		= {2012},
	pages 		= {20},
    language 	= {russian}
}